<?xml version="1.0" encoding="UTF-8"?><collection xmlns="http://www.loc.gov/MARC21/slim"><record><leader>00389nam--2200133-i-4500</leader><controlfield tag="001">000033456</controlfield><controlfield tag="002">20161230</controlfield><controlfield tag="005">20161230201039</controlfield><controlfield tag="008">060222s1000------------r-----000-0-eng-d</controlfield><datafield ind1=" " ind2=" " tag="080"><subfield code="a">537.874.6(043)</subfield></datafield><datafield ind1=" " ind2=" " tag="100"><subfield code="a">Mevel, Jean</subfield></datafield><datafield ind1=" " ind2=" " tag="245"><subfield code="a">Contribution a l`etude de la diffraction des ondes electromagnetiques par les spheres.these</subfield></datafield><datafield ind1=" " ind2=" " tag="260"><subfield code="a">Rennes, Universite, 1966. 265-320p</subfield></datafield><datafield ind1=" " ind2=" " tag="852"><subfield code="a">77022</subfield></datafield></record></collection>